<?xml version="1.0" encoding="UTF-8"?><collection xmlns="http://www.loc.gov/MARC21/slim"><record><leader>00349nam--2200133-i-4500</leader><controlfield tag="001">000030489</controlfield><controlfield tag="002">20161230</controlfield><controlfield tag="005">20161230201038</controlfield><controlfield tag="008">060222s1000------------r-----000-0-eng-d</controlfield><datafield ind1=" " ind2=" " tag="080"><subfield code="a">543</subfield></datafield><datafield ind1=" " ind2=" " tag="100"><subfield code="a">Lurie, Iu.Iu</subfield></datafield><datafield ind1=" " ind2=" " tag="245"><subfield code="a">Indreptar de chimie analitica. trad.din l.rusa dupa ed.a treia</subfield></datafield><datafield ind1=" " ind2=" " tag="260"><subfield code="a">Bucuresti, Ed.Tehnica, 1970, 372p</subfield></datafield><datafield ind1=" " ind2=" " tag="852"><subfield code="a">77520</subfield></datafield></record></collection>